@article{satos:archhdl,
   author	 = "佐藤 真平 and 吉瀬 謙二",
   title	 = "C++をベースとする新しいハードウェア記述の検討",
   journal   ="情報処理学会研究報告. 計算機アーキテクチャ研究会報告(ARC-205)",
   year 	 = "2013",
   pages     = "1--7",
   month	 = "apr"
}
@inproceedings{koba:stencil,
   author	 = "小林 諒平 and 高前田（山崎）伸也 and 吉瀬 謙二",
   title	 = "多数の小容量{FPGA}を用いたスケーラブルなステンシル計算機の開発",
   booktitle = "先進的計算基盤システムシンポジウム論文集",
   year 	 = "2013",
   pages	 = "179--187",
   month	 = "may"
}