@misc{iverilog,
author = {Icarus Verilog},
note   = "http://iverilog.icarus.com/",
}
@misc{ncverilog,
author = {Cadence},
title  = "{NC-Verilog}",
}
@misc{vcs,
author = {Synopsys},
title  = "{VCS}",
note   = "http://www.synopsys.com/VCS",
}
@misc{openmp,
author = "{OpenMP}",
note   = "http://openmp.org/",
}
